@book{hennessy,
  title={Computer architecture: a quantitative approach},
  author={Hennessy, John L and Patterson, David A},
  year={2011},
  publisher={Elsevier}
}

@book{nystrom,
  title={Game programming patterns},
  author={Nystrom, Robert},
  year={2014},
  publisher={Genever Benning}
}

%What Every Programmer Should Know About Memory
@MISC{Drepper,
    author = {Ulrich Drepper},
    title = {What Every Programmer Should Know About Memory},
    year = {2007}
}

@article{fabian,
  title={Data-oriented design: software engineering for limited resources and short schedules},
  author={Fabian, Richard},
  year={2018},
  publisher={Richard Fabian}
}

%about OOP
@online{about_oop,
  author = {Ph.D. Jian Huang},
  title = {A Brief History of Object-Oriented Programming},
  url = {http://web.eecs.utk.edu/~huangj/CS302S04/notes/oo-intro.html},
  urldate = {2019-01-14}
}

%more about OOP
@techreport{what_is_oop,
  title={An Introduction to Object-Oriented Programming},
  author={Nelson, Michael L},
  year={1990},
  institution={NAVAL POSTGRADUATE SCHOOL MONTEREY CA}
}

%most liked languages
@online{lang_ratings,
  title={TIOBE Programming Community Index},
  url={https://www.tiobe.com/tiobe-index/},
  urldate = {2019-01-14}
}

%about importance of abstraction
@book{ghezzi,
  title={Fundamentals of software engineering},
  author={Ghezzi, Carlo and Jazayeri, Mehdi and Mandrioli, Dino},
  year={2002},
  publisher={Prentice Hall PTR}
}

%most liked languages
@online{oop_bad,
  title={Data-Oriented Design (Or Why You Might Be Shooting Yourself in The Foot With OOP)},
  author={Noel Llopis},
  year={2009},
  url={http://gamesfromwithin.com/data-oriented-design},
  urldate = {2019-01-14}
}

%about cohesion
@article{cohesion,
  title={A design-based cohesion metric for object-oriented classes},
  author={Al Dallal, Jehad},
  journal={International Journal of Computer Science and Engineering},
  volume={1},
  number={3},
  pages={195--200},
  year={2007},
  publisher={Citeseer}
}

%intel manual
@misc{intel,
  title={Intel 64 and IA-32 architectures optimization reference manual},
  author={Coorporation, Intel},
  year={2009},
  publisher={May}
}

%history of languages
@online{hopl,
  title={A Brief History of Programming Languages},
  author={Samuel A. Rebelsky},
  year={1999},
  url={http://www.math.grin.edu/~rebelsky/Courses/CS302/99S/Outlines/outline.02.html},
  urldate = {2019-01-15}
}
@article{louden,
  title={Programming Languages: Principles and Practice, Wadsworth Publ},
  author={Louden, Kenneth C and Adams, Patricia},
  journal={Co., Belmont, CA},
  year={1993}
}

%pitfalls OOP
@online{pitfalls_oop,
  title={Pitfalls of Object Oriented Programming},
  author={Tony Albrecht},
  organization={SONY},
  year={2014},
  url={https://www.slideshare.net/EmanWebDev/pitfalls-of-object-oriented-programminggcap09},
  urldate = {2019-01-15}
}

%Game Engine Architecture
@book{gregory,
  title={Game engine architecture},
  author={Gregory, Jason},
  year={2014},
  publisher={AK Peters/CRC Press}
}

%first mentioning of name cache
@article{conti,
  title={Concepts for buffer storage},
  author={C.J. Conti},
  journal={IEEE Computer Group News},
  volume={2},
  number={8},
  pages={9},
  year={1969}
}

%cache eremit
@book{cragon,
  title={Memory systems and pipelined processors},
  author={Cragon, Harvey G},
  year={1996},
  publisher={Jones \& Bartlett Learning}
}

%intel performance access latencies
@article{levinthal,
  title={Performance analysis guide for intel core i7 processor and intel xeon 5500 processors},
  author={Levinthal, David},
  journal={Intel Performance Analysis Guide},
  volume={30},
  pages={18},
  year={2009}
}

%clean code RC Martin
@book{rcmartin,
  title={Clean code: a handbook of agile software craftsmanship},
  author={Martin, Robert C},
  year={2009},
  publisher={Pearson Education}
}

%KISS
@book{niemann_kiss,
  title={Von der Unternehmensarchitektur zur IT-Governance},
  author={Niemann, Klaus D},
  year={2005},
  publisher={Springer}
}

%separation of concern
@book{laplante,
  title={What every engineer should know about software engineering},
  author={Laplante, Phillip A},
  year={2007},
  publisher={CRC Press}
}

%effective hardware prefetching
@article{chen,
  title={Effective hardware-based data prefetching for high-performance processors},
  author={Chen, Tien-Fu and Baer, Jean-Loup},
  journal={IEEE transactions on computers},
  volume={44},
  number={5},
  pages={609--623},
  year={1995},
  publisher={IEEE}
}

%prefetching d cache more challenging
@article{mittal,
  title={A survey of recent prefetching techniques for processor caches},
  author={Mittal, Sparsh},
  journal={ACM Computing Surveys (CSUR)},
  volume={49},
  number={2},
  pages={35},
  year={2016},
  publisher={ACM}
}

%compiler prefetching
@inproceedings{luk,
  title={Compiler-based prefetching for recursive data structures},
  author={Luk, Chi-Keung and Mowry, Todd C},
  booktitle={ACM SIGOPS Operating Systems Review},
  volume={30},
  number={5},
  pages={222--233},
  year={1996},
  organization={ACM}
}
